<record><leader>00000cas a2200000 a 4500</leader><controlfield tag="001">8820975</controlfield><controlfield tag="008">820930d18251843inuwn ne      0    0eng  </controlfield><datafield ind1=" " ind2=" " tag="010"><subfield code="a">sn 82015474 </subfield></datafield><datafield ind1=" " ind2=" " tag="040"><subfield code="a">DLC</subfield><subfield code="b">eng</subfield><subfield code="c">DLC</subfield><subfield code="d">NPV</subfield><subfield code="d">NPX</subfield><subfield code="d">NPY</subfield><subfield code="d">NPI</subfield><subfield code="d">NPA</subfield><subfield code="d">NPI</subfield><subfield code="d">DLC</subfield><subfield code="d">KNP</subfield><subfield code="d">CNK</subfield><subfield code="d">NVF</subfield><subfield code="d">NVK</subfield><subfield code="d">OCL</subfield><subfield code="d">OCLCQ</subfield><subfield code="d">CUI</subfield><subfield code="d">DLC</subfield><subfield code="d">OCLCQ</subfield><subfield code="d">OCLCF</subfield></datafield><datafield ind1=" " ind2=" " tag="042"><subfield code="a">pcc</subfield></datafield><datafield ind1=" " ind2=" " tag="043"><subfield code="a">n-us-in</subfield></datafield><datafield ind1="0" ind2="0" tag="050"><subfield code="a">Newspaper</subfield></datafield><datafield ind1=" " ind2="4" tag="050"><subfield code="a">AN</subfield></datafield><datafield ind1="0" ind2=" " tag="130"><subfield code="a">Indiana journal (Indianapolis, Ind. : 1825)</subfield></datafield><datafield ind1="1" ind2="0" tag="245"><subfield code="a">Indiana journal.</subfield></datafield><datafield ind1=" " ind2=" " tag="260"><subfield code="a">Indianapolis [Ind.] :</subfield><subfield code="b">Douglass &amp; Maguire,</subfield><subfield code="c">1825-1843.</subfield></datafield><datafield ind1=" " ind2=" " tag="300"><subfield code="a">20 v. ;</subfield><subfield code="c">52-58 cm.</subfield></datafield><datafield ind1=" " ind2=" " tag="310"><subfield code="a">Weekly,</subfield><subfield code="b">Feb. 11, 1837-1843</subfield></datafield><datafield ind1=" " ind2=" " tag="321"><subfield code="a">Weekly,</subfield><subfield code="b">1825-Nov. 27, 1828</subfield></datafield><datafield ind1=" " ind2=" " tag="321"><subfield code="a">Weekly (semiweekly during sessions of the Legislature),</subfield><subfield code="b">Dec. 3, 1828-Feb. 1, 1837</subfield></datafield><datafield ind1="0" ind2=" " tag="362"><subfield code="a">Vol. 2, no. 88 (Jan. 11, 1825)-v. 21, no. 1088 (Mar. 8, 1843).</subfield></datafield><datafield ind1=" " ind2=" " tag="500"><subfield code="a">"Whig."</subfield></datafield><datafield ind1=" " ind2=" " tag="515"><subfield code="a">Issue numbers are continuous, i.e., v. 3 begins with no. 105.</subfield></datafield><datafield ind1=" " ind2=" " tag="530"><subfield code="a">Available on microfilm from the Frederic Luther Co.</subfield></datafield><datafield ind1=" " ind2=" " tag="580"><subfield code="a">Triweekly ed.: Tri-weekly journal (Indianapolis, Ind.), 1839-1841.</subfield></datafield><datafield ind1=" " ind2=" " tag="580"><subfield code="a">Daily ed. : Daily Indiana journal, 1841-1842.</subfield></datafield><datafield ind1=" " ind2=" " tag="580"><subfield code="a">Semiweekly eds.: Semi-weekly journal (Indianapolis, Ind.), 1842, and: Indiana journal (Indianapolis, Ind. : Semiweekly), 1842-1843.</subfield></datafield><datafield ind1=" " ind2="0" tag="651"><subfield code="a">Indianapolis (Ind.)</subfield><subfield code="v">Newspapers.</subfield></datafield><datafield ind1=" " ind2="0" tag="651"><subfield code="a">Marion County (Ind.)</subfield><subfield code="v">Newspapers.</subfield></datafield><datafield ind1=" " ind2="7" tag="655"><subfield code="a">Newspapers.</subfield><subfield code="2">fast</subfield><subfield code="0">(OCoLC)fst01423814</subfield></datafield><datafield ind1=" " ind2="7" tag="651"><subfield code="a">Indiana</subfield><subfield code="z">Indianapolis.</subfield><subfield code="2">fast</subfield><subfield code="0">(OCoLC)fst01205182</subfield></datafield><datafield ind1=" " ind2="7" tag="651"><subfield code="a">Indiana</subfield><subfield code="z">Marion County.</subfield><subfield code="2">fast</subfield><subfield code="0">(OCoLC)fst01213920</subfield></datafield><datafield ind1=" " ind2=" " tag="752"><subfield code="a">United States</subfield><subfield code="b">Indiana</subfield><subfield code="c">Marion</subfield><subfield code="d">Indianapolis.</subfield></datafield><datafield ind1="1" ind2=" " tag="775"><subfield code="t">Tri-weekly journal (Indianapolis, Ind.)</subfield><subfield code="w">(DLC)sn 82015678</subfield><subfield code="w">(OCoLC)8811223</subfield></datafield><datafield ind1="1" ind2=" " tag="775"><subfield code="t">Daily Indiana journal</subfield><subfield code="w">(DLC)sn 87056415</subfield><subfield code="w">(OCoLC)16264025</subfield></datafield><datafield ind1="1" ind2=" " tag="775"><subfield code="t">Semi-weekly journal (Indianapolis, Ind.)</subfield><subfield code="w">(DLC)sn 87056416</subfield><subfield code="w">(OCoLC)16264032</subfield></datafield><datafield ind1="1" ind2=" " tag="775"><subfield code="t">Indiana journal (Indianapolis, Ind. : Semiweekly)</subfield><subfield code="w">(DLC)sn 85047641</subfield><subfield code="w">(OCoLC)12870036</subfield></datafield><datafield ind1="0" ind2="8" tag="776"><subfield code="i">Online version:</subfield><subfield code="t">Indiana journal (Indianapolis, Ind. : 1825 : Online)</subfield><subfield code="w">(OCoLC)192107327</subfield></datafield><datafield ind1="0" ind2="0" tag="780"><subfield code="t">Western censor</subfield><subfield code="w">(DLC)sn 87056412</subfield><subfield code="w">(OCoLC)16239766</subfield></datafield><datafield ind1="0" ind2="0" tag="785"><subfield code="t">Indiana State journal (Indianapolis, Ind. : 1843)</subfield><subfield code="w">(DLC)sn 82015746</subfield><subfield code="w">(OCoLC)8810165</subfield></datafield></record>